@STRING{NATURE = {Nature}}
@STRING{TVLSI = {{IEEE} Trans. {VLSI} Syst.}}
@STRING{ICCAD = {Int'l Conf. on Computer-Aided Design}}
@STRING{EL = {Electronics Letters}}
@STRING{ISCAS = {Int'l Symp. on Circuits and Systems}}
@STRING{DAC = {Design Automation Conference}}
@STRING{DATE = {Design, Automation and Test in Europe}}
@STRING{TCAD = {{IEEE} Trans. on {CAD} of Integrated Circuits and Systems}}
@STRING{PROCIEEE = {Proceedings of the {IEEE}}}
@STRING{IDT = {Int'l Design and Test Symp.}}
@STRING{DDECS = {Int'l Symp. on Design and Diagnostics of Electronic Circuits \& Systems}}
@STRING{RM = {Reed-Muller Workshop}}
@STRING{TEC = {{IEEE} Trans. Electronic Computers}}
@STRING{SCTL = {Symp. on Switching Circuit Theory and Logical Design}}
@STRING{IRETEC = {{IRE} Trans. Electronic Computers}}
@STRING{ASPDAC = {Asia and South Pacific Design Automation Conference}}
@STRING{ISVLSI = {Annual Symp. on VLSI}}
@STRING{CAV = {Computer Aided Verification}}
@STRING{DUHDE = {Workshop on Design Automation for Understanding Hardware Designs}}
@STRING{TODAES = {{ACM} Trans. Design Autom. Electr. Syst.}}
@STRING{FMCAD = {Formal Methods in Computer-Aided Design}}
@STRING{CP = {Constraint Programming}}
@STRING{JSAT = {Journal on Satisfiability, Boolean Modeling and Computation}}
@STRING{STOC = {Symposium on Theory and Computing}}
@STRING{CCC = {Conference on Computational Complexity}}
@STRING{JCSS = {Journal of Computer and System Sciences}}
@STRING{TC = {{IEEE} Trans. on Computers}}
@STRING{MVLSC = {Multiple-Valued Logic and Soft Computing}}
@STRING{JETC = {{ACM} Journal on Emerging Technologies in Computing Systems}}
@STRING{RCW = {Int'l Workshop on Reversible Computation}}
@STRING{RC = {Int'l Conf. on Reversible Computation}}
@STRING{ISMVL = {Int'l Symp. on Multiple-Valued Logic}}
@STRING{NACOMM = {Nature Communications}}
@STRING{FNL = {Fluctuation and Noise Letters}}
@STRING{TCS = {Theoretical Computer Science}}
@STRING{PRA = {Physical Review A}}
@STRING{TACAS = {Int'l Conf. on Tools and Algorithms for the Construction and Analysis of Systems}}
@STRING{ICES = {Int'l Conf. on Evolvable Systems: From Biology to Hardware}}
@STRING{MSCS = {Midwest Symp. on Circuits and Systems}}
@STRING{VMCAI = {Int'l Conf. on Verification, Model Checking, and Abstract Interpretation}}
@STRING{SCALA = {Annual Scala Workshop}}
@STRING{HVC = {Haifa Verification Conference}}
@STRING{SAT = {Int'l Conf. on Theory and Applications of Satisfiability Testing}}
@STRING{ENDM = {Electronics Notes in Descrete Mathematics}}
@STRING{JSC = {Journal of Symbolic Computation}}
@STRING{AMC = {Advances in Mathematics of Communications}}
@STRING{ISED = {Int'l Symp. on Electronic System Design}}
@STRING{PACRIM = {Pacific Rim Conference on Communications, Computers and Signal Processing}}
@STRING{FDL = {Forum on Specification \& Design Languages}}
@STRING{INTVLSI = {Integration, the VLSI Journal}}
@STRING{IBMRD = {IBM Journal of Research and Development}}
@STRING{IWLS = {Int'l Workshop on Logic and Synthesis}}
@STRING{QST = {Quantum Science and Technology}}
@STRING{PRX = {Physical Review X}}
@STRING{PRL = {Physical Review Letters}}
@STRING{QIC = {Quantum Information and Computation}}
@STRING{ITJ = {Intel Technology Journal}}
@STRING{IPL = {Information Processing Letters}}
@STRING{JSIAM = {Journal of the Society for Industrial and Applied Mathematics}}
@STRING{IFIPC = {{IFIP} Congress}}
@STRING{SCIENCE = {Science}}
@STRING{ANNPHYS = {Annals of Physics}}
@STRING{JMP = {Journal of Mathematical Physics}}
@STRING{PLDI = {{ACM} {SIGPLAN} Conference on Programming Language Design and Implementation}}
@STRING{BAMS = {Bulletin of the American Mathematical Society}}
@STRING{JACM = {Journal of the {ACM}}}
@STRING{OR = {Operations Research}}
@STRING{FPGA = {Int'l Symp. on Field Programmable Gate Arrays}}
@STRING{IEEEML = {{IEEE} Magnetics Letters}}
@STRING{SAM = {Superlattices and Microstructures}}
@STRING{JNO = {Journal of Nanoelectronics and Optoelectronics}}
@STRING{ESSCDC = {{IEEE} Journal on Exploratory Solid-State Computational Devices and Circuits}}
@STRING{NANOARCH = {Int'l Symp. on Nanoscale Architectures}}
@STRING{FPT = {Int'l Symp. on Field-Programmable Technology}}
@STRING{ICCD = {Int'l Conf. on Computer Design}}
@STRING{IOC = {Information and Control}}
@STRING{PACMNM = {Proceedings of the {ACM} National Meeting}}
@STRING{CACM = {Communications of the {ACM}}}
@STRING{DAM = {Discrete Applied Mathematics}}
@STRING{LMA = {Linear and Multilinear Algebra}}
@STRING{SIADM = {{SIAM} Journal on Discrete Mathematics}}
@STRING{AJM = {American Journal of Mathematics}}
@STRING{AMS = {The Annals of Mathematical Statistics}}
@STRING{FPL = {Int'l Conf. on Field Programmable Logic and Applications}}
@STRING{SOFSEM = {Conf. on Current Trends in Theory and Practice of Informatics}}
@STRING{TATRAM = {Tatra Mt. Math. Publ.}}
@STRING{SIAMR = {{SIAM} Review}}
@STRING{CAC = {Control and Cybernetics}}
@STRING{HOST = {Int'l Symp. on Hardware-Oriented Security and Trust}}
@STRING{ISSCC = {Int'l Solid-State Circuits Conference}}
@STRING{VLSIC = {Symp. on VLSI Circuits}}
@STRING{DM = {Discrete Mathematics}}
@STRING{AAM = {Acta Applicandae Mathematica}}
@STRING{VLSID = {VLSI Design}}
@STRING{NJP = {New Journal of Physics}}
@STRING{SIAMC = {{SIAM} Journal on Computing}}
@STRING{COCOON = {Int'l Conf. on Computing and Combinatorics}}
@STRING{PRR = {Philips Research Reports}}
@STRING{GLSVLSI = {{ACM} Great Lakes Symposium on {VLSI}}}
@STRING{TOCT = {{ACM} Trans. on Computation Theory}}
@STRING{PNAS = {Proceedings of the National Academy of Sciences}}
@STRING{CMP = {Communications in Mathematical Physics}}
@STRING{PAMS = {Proceedings of the American Mathematical Society}}
@STRING{ICTAI = {Int'l Conf. on Tools with Artificial Intelligence}}
@STRING{AFIPS = {{AFIPS} Sprint Joint Computing Conference}}
@STRING{LNCS = {Lecture Notes in Computer Science}}
@STRING{MC = {Mathematics of Computation}}
@STRING{TIT = {{IEEE} Trans. on Information Theory}}
@STRING{TNANO = {{IEEE} Trans. on Nanotechnology}}
@STRING{TRETS = {{ACM} Trans. on Reconfigurable Technology and Systems}}
@STRING{JTB = {Journal of Theoretical Biology}}
@STRING{JAP = {Journal of Applied Physics}}
@STRING{EDL = {{IEEE} Electron Device Letters}}
@STRING{NANO = {Int'l Conf. on Nanotechnology}}
@STRING{PRB = {Physical Review B}}
@STRING{NANOT = {Nanotechnology}}
@STRING{JCE = {Journal of Computational Electronics}}
@STRING{STACS = {Symposium on Theoretical Aspects of Computer Science}}
@STRING{NAMS = {Notices of the AMS}}
@STRING{EPJQT = {{EPJ} Quantum Technology}}
@STRING{RMP = {Reviews of Modern Physics}}
@STRING{ICALP = {Int'l. Coll. on Automata, Languages, and Programming}}
@STRING{DSD = {Euromicro Conf. on Digital System Design, Architectures, Methods and Tools}}
@STRING{APSNEWS = {{APS} News}}
@STRING{ASIACRYPT = {Int'l Conf. on the Theory and Applications of Cryptology and Information Security}}
@STRING{ACMCS = {ACM Computing Surveys}}
@STRING{SEA = {Int'l Symp. on Experimental Algorithms}}
@STRING{JOC = {Journal of Cryptology}}
@STRING{HLDVT = {Int'l High Level Design Validation and Test Workshop}}
@STRING{SODA = {{ACM}-{SIAM} Symp. on Discrete Algorithms}}
@STRING{COMPUTER = {{IEEE} Computer}}
@STRING{CF = {Int'l Conf. on Computing Frontiers}}
@STRING{SC = {Int'l Conf. on High Performance Computing, Networking, Storage and Analysis}}
@STRING{BSTJ = {Bell System Technical Journal}}
@STRING{NCAI = {National Conf. on Artificial Intelligence}}
@STRING{PROCIRE = {Proceedings of the {IRE}}}
@STRING{USS = {{USENIX} Security Symposium}}
@STRING{SP = {IEEE Symp. on Security and Privacy}}
@STRING{SEC = {Information Security and Privacy Conference}}
@STRING{CHES = {Cryptographic Hardware and Embedded Systems}}
@STRING{ACNS = {Int'l Conf. on Applied Cryptography and Network Security}}
@STRING{GAC = {Graphs and Combinatorics}}
@STRING{JCSC = {Journal of Circuits, Systems, and Computers}}
@STRING{NPJ = {npj Quantum Information}}
@STRING{FOCS = {Foundations of Computer Science}}
@STRING{PRSL = {Proc. R. Soc. Lond.}}

%----------------------------------------------
@article{aad2012observation,
  title={Observation of a new particle in the search for the Standard Model Higgs boson with the ATLAS detector at the LHC},
  author={Aad, Georges and Abajyan, Tatevik and Abbott, B and Abdallah, J and Khalek, S Abdel and Abdelalim, Ahmed Ali and Abdinov, O and Aben, R and Abi, B and Abolins, M and others},
  journal={Physics Letters B},
  volume={716},
  number={1},
  pages={1--29},
  year={2012},
  publisher={Elsevier}
}

@article{adam2014learning,
  title={Learning to discover: the higgs boson machine learning challenge},
  author={Adam-Bourdarios, Claire and Cowan, Glen and Germain, Cecile and Guyon, Isabelle and Kegl, Balazs and Rousseau, David},
  journal={URL http://higgsml. lal. in2p3. fr/documentation},
  pages={9},
  year={2014}
}
